@book{text_mining_r,
   title =     {Text Mining with R: a Tidy Approach},
   author =    {Julia Silge and David Robinson},
   publisher = {O'Reilly Media},
   isbn =      {},
   year =      {2017},
   series =    {},
   edition =   {1},
   volume =    {},
}


@Manual{geniusR,
    title = {Quickstart: geniusR},
    author = {Josiah Parry},
    date = {2018},
    url = {github.com/JosiahParry/geniusR}
  }
  
@misc{Liu_sentiments,
author = {Bing {Liu et al.}},
editor = {},
title = {Opinion Lexicon: A list of English positive and negative opinion words or sentiment words.},
year = {2004},
url = {https://www.cs.uic.edu/~liub/FBS/sentiment-analysis.html},
}